@misc{TEST,
	author = "Test Author",
	title = "Test Title",
	howpublished = "\url{https://example.com/}",
	year = "2024",
	note = "[Online; accessed -2024]"
}